<record><leader>00000cas a22000007a 4500</leader><controlfield tag="001">19575913</controlfield><controlfield tag="008">890420d194819uumauwr ne      0    0eng d</controlfield><datafield ind1=" " ind2=" " tag="010"><subfield code="a">sn 89062014 </subfield></datafield><datafield ind1=" " ind2=" " tag="040"><subfield code="a">MGN</subfield><subfield code="b">eng</subfield><subfield code="c">MGN</subfield><subfield code="d">NYS</subfield><subfield code="d">MGN</subfield><subfield code="d">OCLCQ</subfield></datafield><datafield ind1=" " ind2=" " tag="042"><subfield code="a">msc</subfield></datafield><datafield ind1="0" ind2="4" tag="245"><subfield code="a">The Arlington press.</subfield></datafield><datafield ind1=" " ind2=" " tag="260"><subfield code="a">Arlington, Mass. :</subfield><subfield code="b">George S. Tattan</subfield></datafield><datafield ind1=" " ind2=" " tag="300"><subfield code="a">v.</subfield></datafield><datafield ind1=" " ind2=" " tag="310"><subfield code="a">Weekly</subfield></datafield><datafield ind1="0" ind2=" " tag="362"><subfield code="a">Vol. 1, no. 1 (Jan. 22, 1948)-</subfield></datafield><datafield ind1=" " ind2=" " tag="752"><subfield code="a">United States</subfield><subfield code="b">Massachusetts</subfield><subfield code="c">Middlesex</subfield><subfield code="d">Arlington.</subfield></datafield><datafield ind1="0" ind2="7" tag="785"><subfield code="t">Arlington news (Arlington, Mass.)</subfield><subfield code="w">(DLC)sn 89062015</subfield></datafield><datafield ind1="0" ind2="7" tag="785"><subfield code="t">Arlington news the Arlington press</subfield><subfield code="w">(DLC)sn 89062016</subfield></datafield></record>